%YAML 1.1
%TAG !u! tag:unity3d.com,2011:
--- !u!29 &1
OcclusionCullingSettings:
  m_ObjectHideFlags: 0
  serializedVersion: 2
  m_OcclusionBakeSettings:
    smallestOccluder: 5
    smallestHole: 0.25
    backfaceThreshold: 100
  m_SceneGUID: 00000000000000000000000000000000
  m_OcclusionCullingData: {fileID: 0}
--- !u!104 &2
RenderSettings:
  m_ObjectHideFlags: 0
  serializedVersion: 8
  m_Fog: 0
  m_FogColor: {r: 0.5, g: 0.5, b: 0.5, a: 1}
  m_FogMode: 3
  m_FogDensity: 0.01
  m_LinearFogStart: 0
  m_LinearFogEnd: 300
  m_AmbientSkyColor: {r: 0.212, g: 0.227, b: 0.259, a: 1}
  m_AmbientEquatorColor: {r: 0.114, g: 0.125, b: 0.133, a: 1}
  m_AmbientGroundColor: {r: 0.047, g: 0.043, b: 0.035, a: 1}
  m_AmbientIntensity: 1
  m_AmbientMode: 3
  m_SubtractiveShadowColor: {r: 0.42, g: 0.478, b: 0.627, a: 1}
  m_SkyboxMaterial: {fileID: 0}
  m_HaloStrength: 0.5
  m_FlareStrength: 1
  m_FlareFadeSpeed: 3
  m_HaloTexture: {fileID: 0}
  m_SpotCookie: {fileID: 10001, guid: 0000000000000000e000000000000000, type: 0}
  m_DefaultReflectionMode: 0
  m_DefaultReflectionResolution: 128
  m_ReflectionBounces: 1
  m_ReflectionIntensity: 1
  m_CustomReflection: {fileID: 0}
  m_Sun: {fileID: 0}
  m_IndirectSpecularColor: {r: 0, g: 0, b: 0, a: 1}
--- !u!157 &3
LightmapSettings:
  m_ObjectHideFlags: 0
  serializedVersion: 11
  m_GIWorkflowMode: 1
  m_GISettings:
    serializedVersion: 2
    m_BounceScale: 1
    m_IndirectOutputScale: 1
    m_AlbedoBoost: 1
    m_TemporalCoherenceThreshold: 1
    m_EnvironmentLightingMode: 0
    m_EnableBakedLightmaps: 0
    m_EnableRealtimeLightmaps: 0
  m_LightmapEditorSettings:
    serializedVersion: 9
    m_Resolution: 2
    m_BakeResolution: 40
    m_TextureWidth: 1024
    m_TextureHeight: 1024
    m_AO: 0
    m_AOMaxDistance: 1
    m_CompAOExponent: 1
    m_CompAOExponentDirect: 0
    m_Padding: 2
    m_LightmapParameters: {fileID: 0}
    m_LightmapsBakeMode: 1
    m_TextureCompression: 1
    m_FinalGather: 0
    m_FinalGatherFiltering: 1
    m_FinalGatherRayCount: 256
    m_ReflectionCompression: 2
    m_MixedBakeMode: 2
    m_BakeBackend: 0
    m_PVRSampling: 1
    m_PVRDirectSampleCount: 32
    m_PVRSampleCount: 500
    m_PVRBounces: 2
    m_PVRFiltering: 0
    m_PVRFilteringMode: 1
    m_PVRCulling: 1
    m_PVRFilteringGaussRadiusDirect: 1
    m_PVRFilteringGaussRadiusIndirect: 5
    m_PVRFilteringGaussRadiusAO: 2
    m_PVRFilteringAtrousColorSigma: 1
    m_PVRFilteringAtrousNormalSigma: 1
    m_PVRFilteringAtrousPositionSigma: 1
  m_LightingDataAsset: {fileID: 0}
  m_UseShadowmask: 1
--- !u!196 &4
NavMeshSettings:
  serializedVersion: 2
  m_ObjectHideFlags: 0
  m_BuildSettings:
    serializedVersion: 2
    agentTypeID: 0
    agentRadius: 0.5
    agentHeight: 2
    agentSlope: 45
    agentClimb: 0.4
    ledgeDropHeight: 0
    maxJumpAcrossDistance: 0
    minRegionArea: 2
    manualCellSize: 0
    cellSize: 0.16666667
    manualTileSize: 0
    tileSize: 256
    accuratePlacement: 0
  m_NavMeshData: {fileID: 0}
--- !u!114 &207866772 stripped
MonoBehaviour:
  m_PrefabParentObject: {fileID: 114226906274209170, guid: bd2dbb7713c633544849c542881fd09d,
    type: 2}
  m_PrefabInternal: {fileID: 255206721}
  m_Script: {fileID: 11500000, guid: 6deb5b629819c14499a08aa4ca2670dc, type: 3}
--- !u!114 &207866774 stripped
MonoBehaviour:
  m_PrefabParentObject: {fileID: 114329913301068572, guid: bd2dbb7713c633544849c542881fd09d,
    type: 2}
  m_PrefabInternal: {fileID: 255206721}
  m_Script: {fileID: 11500000, guid: 7868a75b2e8705f478fa0803a54dafb9, type: 3}
--- !u!114 &207866775 stripped
MonoBehaviour:
  m_PrefabParentObject: {fileID: 114061917272650684, guid: bd2dbb7713c633544849c542881fd09d,
    type: 2}
  m_PrefabInternal: {fileID: 255206721}
  m_Script: {fileID: 11500000, guid: 56c0a4c86a9838e448e76523ba3b5601, type: 3}
--- !u!1001 &255206721
Prefab:
  m_ObjectHideFlags: 0
  serializedVersion: 2
  m_Modification:
    m_TransformParent: {fileID: 0}
    m_Modifications:
    - target: {fileID: 114061917272650684, guid: bd2dbb7713c633544849c542881fd09d,
        type: 2}
      propertyPath: OnJumped.m_PersistentCalls.m_Calls.Array.size
      value: 0
      objectReference: {fileID: 0}
    - target: {fileID: 4187894782158240, guid: bd2dbb7713c633544849c542881fd09d, type: 2}
      propertyPath: m_LocalPosition.x
      value: -16
      objectReference: {fileID: 0}
    - target: {fileID: 4187894782158240, guid: bd2dbb7713c633544849c542881fd09d, type: 2}
      propertyPath: m_LocalPosition.y
      value: 0.5
      objectReference: {fileID: 0}
    - target: {fileID: 4187894782158240, guid: bd2dbb7713c633544849c542881fd09d, type: 2}
      propertyPath: m_LocalPosition.z
      value: 0
      objectReference: {fileID: 0}
    - target: {fileID: 4187894782158240, guid: bd2dbb7713c633544849c542881fd09d, type: 2}
      propertyPath: m_LocalRotation.x
      value: 0
      objectReference: {fileID: 0}
    - target: {fileID: 4187894782158240, guid: bd2dbb7713c633544849c542881fd09d, type: 2}
      propertyPath: m_LocalRotation.y
      value: 0
      objectReference: {fileID: 0}
    - target: {fileID: 4187894782158240, guid: bd2dbb7713c633544849c542881fd09d, type: 2}
      propertyPath: m_LocalRotation.z
      value: 0
      objectReference: {fileID: 0}
    - target: {fileID: 4187894782158240, guid: bd2dbb7713c633544849c542881fd09d, type: 2}
      propertyPath: m_LocalRotation.w
      value: 1
      objectReference: {fileID: 0}
    - target: {fileID: 4187894782158240, guid: bd2dbb7713c633544849c542881fd09d, type: 2}
      propertyPath: m_RootOrder
      value: 3
      objectReference: {fileID: 0}
    - target: {fileID: 1645857182225728, guid: bd2dbb7713c633544849c542881fd09d, type: 2}
      propertyPath: m_Layer
      value: 9
      objectReference: {fileID: 0}
    - target: {fileID: 114946572160938060, guid: bd2dbb7713c633544849c542881fd09d,
        type: 2}
      propertyPath: compSliderHealtBar
      value: 
      objectReference: {fileID: 1420639597}
    - target: {fileID: 114061917272650684, guid: bd2dbb7713c633544849c542881fd09d,
        type: 2}
      propertyPath: OnJumped.m_PersistentCalls.m_Calls.Array.data[0].m_Mode
      value: 1
      objectReference: {fileID: 0}
    - target: {fileID: 114061917272650684, guid: bd2dbb7713c633544849c542881fd09d,
        type: 2}
      propertyPath: OnJumped.m_PersistentCalls.m_Calls.Array.data[0].m_CallState
      value: 2
      objectReference: {fileID: 0}
    - target: {fileID: 114061917272650684, guid: bd2dbb7713c633544849c542881fd09d,
        type: 2}
      propertyPath: OnJumped.m_PersistentCalls.m_Calls.Array.data[0].m_Target
      value: 
      objectReference: {fileID: 255206723}
    - target: {fileID: 114061917272650684, guid: bd2dbb7713c633544849c542881fd09d,
        type: 2}
      propertyPath: OnJumped.m_PersistentCalls.m_Calls.Array.data[0].m_MethodName
      value: Play
      objectReference: {fileID: 0}
    - target: {fileID: 114061917272650684, guid: bd2dbb7713c633544849c542881fd09d,
        type: 2}
      propertyPath: OnJumped.m_PersistentCalls.m_Calls.Array.data[0].m_Arguments.m_ObjectArgumentAssemblyTypeName
      value: UnityEngine.Object, UnityEngine
      objectReference: {fileID: 0}
    m_RemovedComponents: []
  m_ParentPrefab: {fileID: 100100000, guid: bd2dbb7713c633544849c542881fd09d, type: 2}
  m_IsPrefabParent: 0
--- !u!1 &255206722 stripped
GameObject:
  m_PrefabParentObject: {fileID: 1645857182225728, guid: bd2dbb7713c633544849c542881fd09d,
    type: 2}
  m_PrefabInternal: {fileID: 255206721}
--- !u!82 &255206723 stripped
AudioSource:
  m_PrefabParentObject: {fileID: 82370479647087954, guid: bd2dbb7713c633544849c542881fd09d,
    type: 2}
  m_PrefabInternal: {fileID: 255206721}
--- !u!1 &646601167
GameObject:
  m_ObjectHideFlags: 0
  m_PrefabParentObject: {fileID: 0}
  m_PrefabInternal: {fileID: 0}
  serializedVersion: 5
  m_Component:
  - component: {fileID: 646601168}
  - component: {fileID: 646601171}
  - component: {fileID: 646601170}
  - component: {fileID: 646601169}
  m_Layer: 0
  m_Name: RightWall
  m_TagString: Untagged
  m_Icon: {fileID: 0}
  m_NavMeshLayer: 0
  m_StaticEditorFlags: 0
  m_IsActive: 1
--- !u!4 &646601168
Transform:
  m_ObjectHideFlags: 0
  m_PrefabParentObject: {fileID: 0}
  m_PrefabInternal: {fileID: 0}
  m_GameObject: {fileID: 646601167}
  m_LocalRotation: {x: -0, y: -0, z: -0, w: 1}
  m_LocalPosition: {x: 18.27778, y: 10, z: 0}
  m_LocalScale: {x: 1, y: 20, z: 1}
  m_Children: []
  m_Father: {fileID: 1853283410}
  m_RootOrder: 3
  m_LocalEulerAnglesHint: {x: 0, y: 0, z: 0}
--- !u!65 &646601169
BoxCollider:
  m_ObjectHideFlags: 0
  m_PrefabParentObject: {fileID: 0}
  m_PrefabInternal: {fileID: 0}
  m_GameObject: {fileID: 646601167}
  m_Material: {fileID: 0}
  m_IsTrigger: 0
  m_Enabled: 1
  serializedVersion: 2
  m_Size: {x: 1, y: 1, z: 1}
  m_Center: {x: 0, y: 0, z: 0}
--- !u!23 &646601170
MeshRenderer:
  m_ObjectHideFlags: 0
  m_PrefabParentObject: {fileID: 0}
  m_PrefabInternal: {fileID: 0}
  m_GameObject: {fileID: 646601167}
  m_Enabled: 1
  m_CastShadows: 1
  m_ReceiveShadows: 1
  m_MotionVectors: 1
  m_LightProbeUsage: 1
  m_ReflectionProbeUsage: 1
  m_Materials:
  - {fileID: 10303, guid: 0000000000000000f000000000000000, type: 0}
  m_StaticBatchInfo:
    firstSubMesh: 0
    subMeshCount: 0
  m_StaticBatchRoot: {fileID: 0}
  m_ProbeAnchor: {fileID: 0}
  m_LightProbeVolumeOverride: {fileID: 0}
  m_ScaleInLightmap: 1
  m_PreserveUVs: 1
  m_IgnoreNormalsForChartDetection: 0
  m_ImportantGI: 0
  m_SelectedEditorRenderState: 3
  m_MinimumChartSize: 4
  m_AutoUVMaxDistance: 0.5
  m_AutoUVMaxAngle: 89
  m_LightmapParameters: {fileID: 0}
  m_SortingLayerID: 0
  m_SortingLayer: 0
  m_SortingOrder: 0
--- !u!33 &646601171
MeshFilter:
  m_ObjectHideFlags: 0
  m_PrefabParentObject: {fileID: 0}
  m_PrefabInternal: {fileID: 0}
  m_GameObject: {fileID: 646601167}
  m_Mesh: {fileID: 10202, guid: 0000000000000000e000000000000000, type: 0}
--- !u!1 &662930842 stripped
GameObject:
  m_PrefabParentObject: {fileID: 1011015380198838, guid: 75716da73cdceb44a9518348aecaaabd,
    type: 2}
  m_PrefabInternal: {fileID: 677419816}
--- !u!65 &662930844 stripped
BoxCollider:
  m_PrefabParentObject: {fileID: 65626996037464496, guid: 75716da73cdceb44a9518348aecaaabd,
    type: 2}
  m_PrefabInternal: {fileID: 677419816}
--- !u!114 &662930846
MonoBehaviour:
  m_ObjectHideFlags: 0
  m_PrefabParentObject: {fileID: 0}
  m_PrefabInternal: {fileID: 0}
  m_GameObject: {fileID: 662930842}
  m_Enabled: 1
  m_EditorHideFlags: 0
  m_Script: {fileID: 11500000, guid: 66b208cea4709b240a831a775b592b81, type: 3}
  m_Name: 
  m_EditorClassIdentifier: 
  target_A: {fileID: 788456041}
  target_B: {fileID: 1922615796}
  coll: {fileID: 662930844}
--- !u!1001 &677419816
Prefab:
  m_ObjectHideFlags: 0
  serializedVersion: 2
  m_Modification:
    m_TransformParent: {fileID: 0}
    m_Modifications:
    - target: {fileID: 114203279648433852, guid: 75716da73cdceb44a9518348aecaaabd,
        type: 2}
      propertyPath: OnHealtPointsDepleted.m_PersistentCalls.m_Calls.Array.size
      value: 7
      objectReference: {fileID: 0}
    - target: {fileID: 4251223711238168, guid: 75716da73cdceb44a9518348aecaaabd, type: 2}
      propertyPath: m_LocalPosition.x
      value: 16
      objectReference: {fileID: 0}
    - target: {fileID: 4251223711238168, guid: 75716da73cdceb44a9518348aecaaabd, type: 2}
      propertyPath: m_LocalPosition.y
      value: 0.5
      objectReference: {fileID: 0}
    - target: {fileID: 4251223711238168, guid: 75716da73cdceb44a9518348aecaaabd, type: 2}
      propertyPath: m_LocalPosition.z
      value: 0
      objectReference: {fileID: 0}
    - target: {fileID: 4251223711238168, guid: 75716da73cdceb44a9518348aecaaabd, type: 2}
      propertyPath: m_LocalRotation.x
      value: 0
      objectReference: {fileID: 0}
    - target: {fileID: 4251223711238168, guid: 75716da73cdceb44a9518348aecaaabd, type: 2}
      propertyPath: m_LocalRotation.y
      value: 0
      objectReference: {fileID: 0}
    - target: {fileID: 4251223711238168, guid: 75716da73cdceb44a9518348aecaaabd, type: 2}
      propertyPath: m_LocalRotation.z
      value: 0
      objectReference: {fileID: 0}
    - target: {fileID: 4251223711238168, guid: 75716da73cdceb44a9518348aecaaabd, type: 2}
      propertyPath: m_LocalRotation.w
      value: 1
      objectReference: {fileID: 0}
    - target: {fileID: 4251223711238168, guid: 75716da73cdceb44a9518348aecaaabd, type: 2}
      propertyPath: m_RootOrder
      value: 4
      objectReference: {fileID: 0}
    - target: {fileID: 114734588462923068, guid: 75716da73cdceb44a9518348aecaaabd,
        type: 2}
      propertyPath: lookingDirection.x
      value: -1
      objectReference: {fileID: 0}
    - target: {fileID: 1262632662913598, guid: 75716da73cdceb44a9518348aecaaabd, type: 2}
      propertyPath: m_Name
      value: Tiger_Enemy
      objectReference: {fileID: 0}
    - target: {fileID: 1283809954541228, guid: 75716da73cdceb44a9518348aecaaabd, type: 2}
      propertyPath: m_Layer
      value: 12
      objectReference: {fileID: 0}
    - target: {fileID: 1011015380198838, guid: 75716da73cdceb44a9518348aecaaabd, type: 2}
      propertyPath: m_Layer
      value: 10
      objectReference: {fileID: 0}
    - target: {fileID: 4588752144059730, guid: 75716da73cdceb44a9518348aecaaabd, type: 2}
      propertyPath: m_LocalEulerAnglesHint.x
      value: 33.924496
      objectReference: {fileID: 0}
    - target: {fileID: 4588752144059730, guid: 75716da73cdceb44a9518348aecaaabd, type: 2}
      propertyPath: m_LocalEulerAnglesHint.y
      value: -0.000016151169
      objectReference: {fileID: 0}
    - target: {fileID: 4588752144059730, guid: 75716da73cdceb44a9518348aecaaabd, type: 2}
      propertyPath: m_LocalEulerAnglesHint.z
      value: -0.0000014207751
      objectReference: {fileID: 0}
    - target: {fileID: 4223075810665392, guid: 75716da73cdceb44a9518348aecaaabd, type: 2}
      propertyPath: m_LocalEulerAnglesHint.x
      value: 2.3036711
      objectReference: {fileID: 0}
    - target: {fileID: 4223075810665392, guid: 75716da73cdceb44a9518348aecaaabd, type: 2}
      propertyPath: m_LocalEulerAnglesHint.y
      value: -0.03910878
      objectReference: {fileID: 0}
    - target: {fileID: 4223075810665392, guid: 75716da73cdceb44a9518348aecaaabd, type: 2}
      propertyPath: m_LocalEulerAnglesHint.z
      value: -2.748267
      objectReference: {fileID: 0}
    - target: {fileID: 4635916026595036, guid: 75716da73cdceb44a9518348aecaaabd, type: 2}
      propertyPath: m_LocalEulerAnglesHint.x
      value: 34.838017
      objectReference: {fileID: 0}
    - target: {fileID: 4635916026595036, guid: 75716da73cdceb44a9518348aecaaabd, type: 2}
      propertyPath: m_LocalEulerAnglesHint.y
      value: -98.57243
      objectReference: {fileID: 0}
    - target: {fileID: 4635916026595036, guid: 75716da73cdceb44a9518348aecaaabd, type: 2}
      propertyPath: m_LocalEulerAnglesHint.z
      value: 92.531395
      objectReference: {fileID: 0}
    - target: {fileID: 4236523532565502, guid: 75716da73cdceb44a9518348aecaaabd, type: 2}
      propertyPath: m_LocalEulerAnglesHint.x
      value: -18.941093
      objectReference: {fileID: 0}
    - target: {fileID: 4236523532565502, guid: 75716da73cdceb44a9518348aecaaabd, type: 2}
      propertyPath: m_LocalEulerAnglesHint.y
      value: 3.2357423
      objectReference: {fileID: 0}
    - target: {fileID: 4236523532565502, guid: 75716da73cdceb44a9518348aecaaabd, type: 2}
      propertyPath: m_LocalEulerAnglesHint.z
      value: -9.616549
      objectReference: {fileID: 0}
    - target: {fileID: 4657234670561312, guid: 75716da73cdceb44a9518348aecaaabd, type: 2}
      propertyPath: m_LocalEulerAnglesHint.x
      value: -18.941092
      objectReference: {fileID: 0}
    - target: {fileID: 4657234670561312, guid: 75716da73cdceb44a9518348aecaaabd, type: 2}
      propertyPath: m_LocalEulerAnglesHint.y
      value: -3.235741
      objectReference: {fileID: 0}
    - target: {fileID: 4657234670561312, guid: 75716da73cdceb44a9518348aecaaabd, type: 2}
      propertyPath: m_LocalEulerAnglesHint.z
      value: 9.616554
      objectReference: {fileID: 0}
    - target: {fileID: 4343669826707944, guid: 75716da73cdceb44a9518348aecaaabd, type: 2}
      propertyPath: m_LocalEulerAnglesHint.x
      value: 88.55774
      objectReference: {fileID: 0}
    - target: {fileID: 4343669826707944, guid: 75716da73cdceb44a9518348aecaaabd, type: 2}
      propertyPath: m_LocalEulerAnglesHint.y
      value: -0.000030176314
      objectReference: {fileID: 0}
    - target: {fileID: 4343669826707944, guid: 75716da73cdceb44a9518348aecaaabd, type: 2}
      propertyPath: m_LocalEulerAnglesHint.z
      value: -0.000029497554
      objectReference: {fileID: 0}
    - target: {fileID: 4063952447177620, guid: 75716da73cdceb44a9518348aecaaabd, type: 2}
      propertyPath: m_LocalEulerAnglesHint.x
      value: -8.468111
      objectReference: {fileID: 0}
    - target: {fileID: 4063952447177620, guid: 75716da73cdceb44a9518348aecaaabd, type: 2}
      propertyPath: m_LocalEulerAnglesHint.y
      value: 53.621883
      objectReference: {fileID: 0}
    - target: {fileID: 4063952447177620, guid: 75716da73cdceb44a9518348aecaaabd, type: 2}
      propertyPath: m_LocalEulerAnglesHint.z
      value: -77.17881
      objectReference: {fileID: 0}
    - target: {fileID: 4460034809076512, guid: 75716da73cdceb44a9518348aecaaabd, type: 2}
      propertyPath: m_LocalEulerAnglesHint.x
      value: 86.70687
      objectReference: {fileID: 0}
    - target: {fileID: 4460034809076512, guid: 75716da73cdceb44a9518348aecaaabd, type: 2}
      propertyPath: m_LocalEulerAnglesHint.y
      value: -1.737131
      objectReference: {fileID: 0}
    - target: {fileID: 4460034809076512, guid: 75716da73cdceb44a9518348aecaaabd, type: 2}
      propertyPath: m_LocalEulerAnglesHint.z
      value: -172.71964
      objectReference: {fileID: 0}
    - target: {fileID: 4409064735801008, guid: 75716da73cdceb44a9518348aecaaabd, type: 2}
      propertyPath: m_LocalEulerAnglesHint.x
      value: 30.711946
      objectReference: {fileID: 0}
    - target: {fileID: 4409064735801008, guid: 75716da73cdceb44a9518348aecaaabd, type: 2}
      propertyPath: m_LocalEulerAnglesHint.y
      value: 0.06581642
      objectReference: {fileID: 0}
    - target: {fileID: 4409064735801008, guid: 75716da73cdceb44a9518348aecaaabd, type: 2}
      propertyPath: m_LocalEulerAnglesHint.z
      value: 0.24016389
      objectReference: {fileID: 0}
    - target: {fileID: 4572154260056106, guid: 75716da73cdceb44a9518348aecaaabd, type: 2}
      propertyPath: m_LocalEulerAnglesHint.x
      value: 56.366913
      objectReference: {fileID: 0}
    - target: {fileID: 4572154260056106, guid: 75716da73cdceb44a9518348aecaaabd, type: 2}
      propertyPath: m_LocalEulerAnglesHint.y
      value: -10.309669
      objectReference: {fileID: 0}
    - target: {fileID: 4572154260056106, guid: 75716da73cdceb44a9518348aecaaabd, type: 2}
      propertyPath: m_LocalEulerAnglesHint.z
      value: 95.97073
      objectReference: {fileID: 0}
    - target: {fileID: 4773578977651572, guid: 75716da73cdceb44a9518348aecaaabd, type: 2}
      propertyPath: m_LocalEulerAnglesHint.x
      value: 14.494417
      objectReference: {fileID: 0}
    - target: {fileID: 4773578977651572, guid: 75716da73cdceb44a9518348aecaaabd, type: 2}
      propertyPath: m_LocalEulerAnglesHint.y
      value: 0.22143602
      objectReference: {fileID: 0}
    - target: {fileID: 4773578977651572, guid: 75716da73cdceb44a9518348aecaaabd, type: 2}
      propertyPath: m_LocalEulerAnglesHint.z
      value: 1.7414405
      objectReference: {fileID: 0}
    - target: {fileID: 4423319424756368, guid: 75716da73cdceb44a9518348aecaaabd, type: 2}
      propertyPath: m_LocalEulerAnglesHint.x
      value: 69.440155
      objectReference: {fileID: 0}
    - target: {fileID: 4423319424756368, guid: 75716da73cdceb44a9518348aecaaabd, type: 2}
      propertyPath: m_LocalEulerAnglesHint.y
      value: 172.93924
      objectReference: {fileID: 0}
    - target: {fileID: 4423319424756368, guid: 75716da73cdceb44a9518348aecaaabd, type: 2}
      propertyPath: m_LocalEulerAnglesHint.z
      value: 50.29434
      objectReference: {fileID: 0}
    - target: {fileID: 4582762384833194, guid: 75716da73cdceb44a9518348aecaaabd, type: 2}
      propertyPath: m_LocalEulerAnglesHint.x
      value: 78.60802
      objectReference: {fileID: 0}
    - target: {fileID: 4582762384833194, guid: 75716da73cdceb44a9518348aecaaabd, type: 2}
      propertyPath: m_LocalEulerAnglesHint.y
      value: -121.62952
      objectReference: {fileID: 0}
    - target: {fileID: 4582762384833194, guid: 75716da73cdceb44a9518348aecaaabd, type: 2}
      propertyPath: m_LocalEulerAnglesHint.z
      value: 56.338226
      objectReference: {fileID: 0}
    - target: {fileID: 4040078459737574, guid: 75716da73cdceb44a9518348aecaaabd, type: 2}
      propertyPath: m_LocalEulerAnglesHint.x
      value: 34.837997
      objectReference: {fileID: 0}
    - target: {fileID: 4040078459737574, guid: 75716da73cdceb44a9518348aecaaabd, type: 2}
      propertyPath: m_LocalEulerAnglesHint.y
      value: 98.57241
      objectReference: {fileID: 0}
    - target: {fileID: 4040078459737574, guid: 75716da73cdceb44a9518348aecaaabd, type: 2}
      propertyPath: m_LocalEulerAnglesHint.z
      value: -92.53142
      objectReference: {fileID: 0}
    - target: {fileID: 4077160735670190, guid: 75716da73cdceb44a9518348aecaaabd, type: 2}
      propertyPath: m_LocalEulerAnglesHint.x
      value: 61.312595
      objectReference: {fileID: 0}
    - target: {fileID: 4077160735670190, guid: 75716da73cdceb44a9518348aecaaabd, type: 2}
      propertyPath: m_LocalEulerAnglesHint.y
      value: -0.54819953
      objectReference: {fileID: 0}
    - target: {fileID: 4077160735670190, guid: 75716da73cdceb44a9518348aecaaabd, type: 2}
      propertyPath: m_LocalEulerAnglesHint.z
      value: -0.43417758
      objectReference: {fileID: 0}
    - target: {fileID: 4432335239469694, guid: 75716da73cdceb44a9518348aecaaabd, type: 2}
      propertyPath: m_LocalEulerAnglesHint.x
      value: 86.70687
      objectReference: {fileID: 0}
    - target: {fileID: 4432335239469694, guid: 75716da73cdceb44a9518348aecaaabd, type: 2}
      propertyPath: m_LocalEulerAnglesHint.y
      value: 1.7366282
      objectReference: {fileID: 0}
    - target: {fileID: 4432335239469694, guid: 75716da73cdceb44a9518348aecaaabd, type: 2}
      propertyPath: m_LocalEulerAnglesHint.z
      value: 172.71912
      objectReference: {fileID: 0}
    - target: {fileID: 4962995722326908, guid: 75716da73cdceb44a9518348aecaaabd, type: 2}
      propertyPath: m_LocalEulerAnglesHint.x
      value: 0.9474701
      objectReference: {fileID: 0}
    - target: {fileID: 4962995722326908, guid: 75716da73cdceb44a9518348aecaaabd, type: 2}
      propertyPath: m_LocalEulerAnglesHint.y
      value: -0.40587285
      objectReference: {fileID: 0}
    - target: {fileID: 4962995722326908, guid: 75716da73cdceb44a9518348aecaaabd, type: 2}
      propertyPath: m_LocalEulerAnglesHint.z
      value: 1.0933447
      objectReference: {fileID: 0}
    - target: {fileID: 4699062587567460, guid: 75716da73cdceb44a9518348aecaaabd, type: 2}
      propertyPath: m_LocalEulerAnglesHint.x
      value: 0
      objectReference: {fileID: 0}
    - target: {fileID: 4031091111840220, guid: 75716da73cdceb44a9518348aecaaabd, type: 2}
      propertyPath: m_LocalEulerAnglesHint.x
      value: 78.60821
      objectReference: {fileID: 0}
    - target: {fileID: 4031091111840220, guid: 75716da73cdceb44a9518348aecaaabd, type: 2}
      propertyPath: m_LocalEulerAnglesHint.y
      value: 121.630226
      objectReference: {fileID: 0}
    - target: {fileID: 4031091111840220, guid: 75716da73cdceb44a9518348aecaaabd, type: 2}
      propertyPath: m_LocalEulerAnglesHint.z
      value: -56.337708
      objectReference: {fileID: 0}
    - target: {fileID: 4919012683817590, guid: 75716da73cdceb44a9518348aecaaabd, type: 2}
      propertyPath: m_LocalEulerAnglesHint.x
      value: 56.366924
      objectReference: {fileID: 0}
    - target: {fileID: 4919012683817590, guid: 75716da73cdceb44a9518348aecaaabd, type: 2}
      propertyPath: m_LocalEulerAnglesHint.y
      value: 10.309644
      objectReference: {fileID: 0}
    - target: {fileID: 4919012683817590, guid: 75716da73cdceb44a9518348aecaaabd, type: 2}
      propertyPath: m_LocalEulerAnglesHint.z
      value: -95.970764
      objectReference: {fileID: 0}
    - target: {fileID: 4609610517727206, guid: 75716da73cdceb44a9518348aecaaabd, type: 2}
      propertyPath: m_LocalEulerAnglesHint.x
      value: 10.2529955
      objectReference: {fileID: 0}
    - target: {fileID: 4609610517727206, guid: 75716da73cdceb44a9518348aecaaabd, type: 2}
      propertyPath: m_LocalEulerAnglesHint.y
      value: 0.053980015
      objectReference: {fileID: 0}
    - target: {fileID: 4609610517727206, guid: 75716da73cdceb44a9518348aecaaabd, type: 2}
      propertyPath: m_LocalEulerAnglesHint.z
      value: 0.6016859
      objectReference: {fileID: 0}
    - target: {fileID: 4851105454268550, guid: 75716da73cdceb44a9518348aecaaabd, type: 2}
      propertyPath: m_LocalEulerAnglesHint.x
      value: 49.32279
      objectReference: {fileID: 0}
    - target: {fileID: 4851105454268550, guid: 75716da73cdceb44a9518348aecaaabd, type: 2}
      propertyPath: m_LocalEulerAnglesHint.y
      value: -1.5345645e-23
      objectReference: {fileID: 0}
    - target: {fileID: 4851105454268550, guid: 75716da73cdceb44a9518348aecaaabd, type: 2}
      propertyPath: m_LocalEulerAnglesHint.z
      value: -9.171303e-23
      objectReference: {fileID: 0}
    - target: {fileID: 4466199636202010, guid: 75716da73cdceb44a9518348aecaaabd, type: 2}
      propertyPath: m_LocalEulerAnglesHint.x
      value: 69.440094
      objectReference: {fileID: 0}
    - target: {fileID: 4466199636202010, guid: 75716da73cdceb44a9518348aecaaabd, type: 2}
      propertyPath: m_LocalEulerAnglesHint.y
      value: -172.93927
      objectReference: {fileID: 0}
    - target: {fileID: 4466199636202010, guid: 75716da73cdceb44a9518348aecaaabd, type: 2}
      propertyPath: m_LocalEulerAnglesHint.z
      value: -50.294346
      objectReference: {fileID: 0}
    - target: {fileID: 4830553634218562, guid: 75716da73cdceb44a9518348aecaaabd, type: 2}
      propertyPath: m_LocalEulerAnglesHint.x
      value: 17.688477
      objectReference: {fileID: 0}
    - target: {fileID: 4830553634218562, guid: 75716da73cdceb44a9518348aecaaabd, type: 2}
      propertyPath: m_LocalEulerAnglesHint.y
      value: -0.08175319
      objectReference: {fileID: 0}
    - target: {fileID: 4830553634218562, guid: 75716da73cdceb44a9518348aecaaabd, type: 2}
      propertyPath: m_LocalEulerAnglesHint.z
      value: -0.5254064
      objectReference: {fileID: 0}
    - target: {fileID: 4083806379255776, guid: 75716da73cdceb44a9518348aecaaabd, type: 2}
      propertyPath: m_LocalEulerAnglesHint.x
      value: 61.312576
      objectReference: {fileID: 0}
    - target: {fileID: 4083806379255776, guid: 75716da73cdceb44a9518348aecaaabd, type: 2}
      propertyPath: m_LocalEulerAnglesHint.y
      value: 0.5481262
      objectReference: {fileID: 0}
    - target: {fileID: 4083806379255776, guid: 75716da73cdceb44a9518348aecaaabd, type: 2}
      propertyPath: m_LocalEulerAnglesHint.z
      value: 0.4341265
      objectReference: {fileID: 0}
    - target: {fileID: 4244911191329662, guid: 75716da73cdceb44a9518348aecaaabd, type: 2}
      propertyPath: m_LocalEulerAnglesHint.x
      value: -12.330498
      objectReference: {fileID: 0}
    - target: {fileID: 4244911191329662, guid: 75716da73cdceb44a9518348aecaaabd, type: 2}
      propertyPath: m_LocalEulerAnglesHint.y
      value: 0.00001398294
      objectReference: {fileID: 0}
    - target: {fileID: 4244911191329662, guid: 75716da73cdceb44a9518348aecaaabd, type: 2}
      propertyPath: m_LocalEulerAnglesHint.z
      value: -0.0000029860614
      objectReference: {fileID: 0}
    - target: {fileID: 4356266674052426, guid: 75716da73cdceb44a9518348aecaaabd, type: 2}
      propertyPath: m_LocalEulerAnglesHint.x
      value: -8.468114
      objectReference: {fileID: 0}
    - target: {fileID: 4356266674052426, guid: 75716da73cdceb44a9518348aecaaabd, type: 2}
      propertyPath: m_LocalEulerAnglesHint.y
      value: -53.621883
      objectReference: {fileID: 0}
    - target: {fileID: 4356266674052426, guid: 75716da73cdceb44a9518348aecaaabd, type: 2}
      propertyPath: m_LocalEulerAnglesHint.z
      value: 77.1788
      objectReference: {fileID: 0}
    - target: {fileID: 4311489739119458, guid: 75716da73cdceb44a9518348aecaaabd, type: 2}
      propertyPath: m_LocalEulerAnglesHint.y
      value: 0.000039350394
      objectReference: {fileID: 0}
    - target: {fileID: 4050940401724240, guid: 75716da73cdceb44a9518348aecaaabd, type: 2}
      propertyPath: m_LocalEulerAnglesHint.y
      value: -2.6347129e-23
      objectReference: {fileID: 0}
    - target: {fileID: 4050940401724240, guid: 75716da73cdceb44a9518348aecaaabd, type: 2}
      propertyPath: m_LocalEulerAnglesHint.z
      value: 8.67544e-24
      objectReference: {fileID: 0}
    - target: {fileID: 4047128193550172, guid: 75716da73cdceb44a9518348aecaaabd, type: 2}
      propertyPath: m_LocalEulerAnglesHint.x
      value: 3.142415
      objectReference: {fileID: 0}
    - target: {fileID: 4047128193550172, guid: 75716da73cdceb44a9518348aecaaabd, type: 2}
      propertyPath: m_LocalEulerAnglesHint.y
      value: -0.000016882186
      objectReference: {fileID: 0}
    - target: {fileID: 4047128193550172, guid: 75716da73cdceb44a9518348aecaaabd, type: 2}
      propertyPath: m_LocalEulerAnglesHint.z
      value: 0.00000021921005
      objectReference: {fileID: 0}
    - target: {fileID: 4242559966148060, guid: 75716da73cdceb44a9518348aecaaabd, type: 2}
      propertyPath: m_LocalEulerAnglesHint.y
      value: -0.000039350394
      objectReference: {fileID: 0}
    - target: {fileID: 4717905422940934, guid: 75716da73cdceb44a9518348aecaaabd, type: 2}
      propertyPath: m_LocalEulerAnglesHint.y
      value: -0.00009345057
      objectReference: {fileID: 0}
    - target: {fileID: 4902873900940608, guid: 75716da73cdceb44a9518348aecaaabd, type: 2}
      propertyPath: m_LocalEulerAnglesHint.y
      value: 0.000030176303
      objectReference: {fileID: 0}
    - target: {fileID: 4902873900940608, guid: 75716da73cdceb44a9518348aecaaabd, type: 2}
      propertyPath: m_LocalEulerAnglesHint.z
      value: 0.000029497542
      objectReference: {fileID: 0}
    - target: {fileID: 4798823595676622, guid: 75716da73cdceb44a9518348aecaaabd, type: 2}
      propertyPath: m_LocalRotation.x
      value: 0.010350285
      objectReference: {fileID: 0}
    - target: {fileID: 4798823595676622, guid: 75716da73cdceb44a9518348aecaaabd, type: 2}
      propertyPath: m_LocalRotation.y
      value: -0.7013525
      objectReference: {fileID: 0}
    - target: {fileID: 4798823595676622, guid: 75716da73cdceb44a9518348aecaaabd, type: 2}
      propertyPath: m_LocalRotation.z
      value: -0.7126747
      objectReference: {fileID: 0}
    - target: {fileID: 4798823595676622, guid: 75716da73cdceb44a9518348aecaaabd, type: 2}
      propertyPath: m_LocalRotation.w
      value: -0.009609256
      objectReference: {fileID: 0}
    - target: {fileID: 1262632662913598, guid: 75716da73cdceb44a9518348aecaaabd, type: 2}
      propertyPath: m_IsActive
      value: 1
      objectReference: {fileID: 0}
    - target: {fileID: 4050940401724240, guid: 75716da73cdceb44a9518348aecaaabd, type: 2}
      propertyPath: m_LocalEulerAnglesHint.x
      value: -32.77037
      objectReference: {fileID: 0}
    - target: {fileID: 4717905422940934, guid: 75716da73cdceb44a9518348aecaaabd, type: 2}
      propertyPath: m_LocalEulerAnglesHint.x
      value: 80.34687
      objectReference: {fileID: 0}
    - target: {fileID: 4717905422940934, guid: 75716da73cdceb44a9518348aecaaabd, type: 2}
      propertyPath: m_LocalEulerAnglesHint.z
      value: 179.9999
      objectReference: {fileID: 0}
    - target: {fileID: 4902873900940608, guid: 75716da73cdceb44a9518348aecaaabd, type: 2}
      propertyPath: m_LocalEulerAnglesHint.x
      value: 88.55774
      objectReference: {fileID: 0}
    - target: {fileID: 114203279648433852, guid: 75716da73cdceb44a9518348aecaaabd,
        type: 2}
      propertyPath: compSliderHealtBar
      value: 
      objectReference: {fileID: 1420639596}
    - target: {fileID: 114203279648433852, guid: 75716da73cdceb44a9518348aecaaabd,
        type: 2}
      propertyPath: OnHealtPointsDepleted.m_PersistentCalls.m_Calls.Array.data[1].m_Mode
      value: 6
      objectReference: {fileID: 0}
    - target: {fileID: 114203279648433852, guid: 75716da73cdceb44a9518348aecaaabd,
        type: 2}
      propertyPath: OnHealtPointsDepleted.m_PersistentCalls.m_Calls.Array.data[1].m_CallState
      value: 2
      objectReference: {fileID: 0}
    - target: {fileID: 114203279648433852, guid: 75716da73cdceb44a9518348aecaaabd,
        type: 2}
      propertyPath: OnHealtPointsDepleted.m_PersistentCalls.m_Calls.Array.data[1].m_Target
      value: 
      objectReference: {fileID: 255206722}
    - target: {fileID: 114203279648433852, guid: 75716da73cdceb44a9518348aecaaabd,
        type: 2}
      propertyPath: OnHealtPointsDepleted.m_PersistentCalls.m_Calls.Array.data[1].m_MethodName
      value: SetActive
      objectReference: {fileID: 0}
    - target: {fileID: 114203279648433852, guid: 75716da73cdceb44a9518348aecaaabd,
        type: 2}
      propertyPath: OnHealtPointsDepleted.m_PersistentCalls.m_Calls.Array.data[1].m_Arguments.m_ObjectArgumentAssemblyTypeName
      value: UnityEngine.Object, UnityEngine
      objectReference: {fileID: 0}
    - target: {fileID: 114203279648433852, guid: 75716da73cdceb44a9518348aecaaabd,
        type: 2}
      propertyPath: OnHealtPointsDepleted.m_PersistentCalls.m_Calls.Array.data[1].m_Arguments.m_BoolArgument
      value: 0
      objectReference: {fileID: 0}
    - target: {fileID: 114203279648433852, guid: 75716da73cdceb44a9518348aecaaabd,
        type: 2}
      propertyPath: OnHealtPointsDepleted.m_PersistentCalls.m_Calls.Array.data[2].m_Mode
      value: 6
      objectReference: {fileID: 0}
    - target: {fileID: 114203279648433852, guid: 75716da73cdceb44a9518348aecaaabd,
        type: 2}
      propertyPath: OnHealtPointsDepleted.m_PersistentCalls.m_Calls.Array.data[2].m_CallState
      value: 2
      objectReference: {fileID: 0}
    - target: {fileID: 114203279648433852, guid: 75716da73cdceb44a9518348aecaaabd,
        type: 2}
      propertyPath: OnHealtPointsDepleted.m_PersistentCalls.m_Calls.Array.data[2].m_Target
      value: 
      objectReference: {fileID: 1922615789}
    - target: {fileID: 114203279648433852, guid: 75716da73cdceb44a9518348aecaaabd,
        type: 2}
      propertyPath: OnHealtPointsDepleted.m_PersistentCalls.m_Calls.Array.data[2].m_MethodName
      value: SetActive
      objectReference: {fileID: 0}
    - target: {fileID: 114203279648433852, guid: 75716da73cdceb44a9518348aecaaabd,
        type: 2}
      propertyPath: OnHealtPointsDepleted.m_PersistentCalls.m_Calls.Array.data[2].m_Arguments.m_ObjectArgumentAssemblyTypeName
      value: UnityEngine.Object, UnityEngine
      objectReference: {fileID: 0}
    - target: {fileID: 114203279648433852, guid: 75716da73cdceb44a9518348aecaaabd,
        type: 2}
      propertyPath: OnHealtPointsDepleted.m_PersistentCalls.m_Calls.Array.data[3].m_Mode
      value: 6
      objectReference: {fileID: 0}
    - target: {fileID: 114203279648433852, guid: 75716da73cdceb44a9518348aecaaabd,
        type: 2}
      propertyPath: OnHealtPointsDepleted.m_PersistentCalls.m_Calls.Array.data[3].m_CallState
      value: 2
      objectReference: {fileID: 0}
    - target: {fileID: 114203279648433852, guid: 75716da73cdceb44a9518348aecaaabd,
        type: 2}
      propertyPath: OnHealtPointsDepleted.m_PersistentCalls.m_Calls.Array.data[3].m_Target
      value: 
      objectReference: {fileID: 888766864}
    - target: {fileID: 114203279648433852, guid: 75716da73cdceb44a9518348aecaaabd,
        type: 2}
      propertyPath: OnHealtPointsDepleted.m_PersistentCalls.m_Calls.Array.data[3].m_MethodName
      value: SetActive
      objectReference: {fileID: 0}
    - target: {fileID: 114203279648433852, guid: 75716da73cdceb44a9518348aecaaabd,
        type: 2}
      propertyPath: OnHealtPointsDepleted.m_PersistentCalls.m_Calls.Array.data[3].m_Arguments.m_ObjectArgumentAssemblyTypeName
      value: UnityEngine.Object, UnityEngine
      objectReference: {fileID: 0}
    - target: {fileID: 114203279648433852, guid: 75716da73cdceb44a9518348aecaaabd,
        type: 2}
      propertyPath: OnHealtPointsDepleted.m_PersistentCalls.m_Calls.Array.data[4].m_Mode
      value: 6
      objectReference: {fileID: 0}
    - target: {fileID: 114203279648433852, guid: 75716da73cdceb44a9518348aecaaabd,
        type: 2}
      propertyPath: OnHealtPointsDepleted.m_PersistentCalls.m_Calls.Array.data[4].m_CallState
      value: 2
      objectReference: {fileID: 0}
    - target: {fileID: 114203279648433852, guid: 75716da73cdceb44a9518348aecaaabd,
        type: 2}
      propertyPath: OnHealtPointsDepleted.m_PersistentCalls.m_Calls.Array.data[4].m_Target
      value: 
      objectReference: {fileID: 1648846607}
    - target: {fileID: 114203279648433852, guid: 75716da73cdceb44a9518348aecaaabd,
        type: 2}
      propertyPath: OnHealtPointsDepleted.m_PersistentCalls.m_Calls.Array.data[4].m_MethodName
      value: SetActive
      objectReference: {fileID: 0}
    - target: {fileID: 114203279648433852, guid: 75716da73cdceb44a9518348aecaaabd,
        type: 2}
      propertyPath: OnHealtPointsDepleted.m_PersistentCalls.m_Calls.Array.data[4].m_Arguments.m_ObjectArgumentAssemblyTypeName
      value: UnityEngine.Object, UnityEngine
      objectReference: {fileID: 0}
    - target: {fileID: 114203279648433852, guid: 75716da73cdceb44a9518348aecaaabd,
        type: 2}
      propertyPath: OnHealtPointsDepleted.m_PersistentCalls.m_Calls.Array.data[4].m_Arguments.m_BoolArgument
      value: 1
      objectReference: {fileID: 0}
    - target: {fileID: 114203279648433852, guid: 75716da73cdceb44a9518348aecaaabd,
        type: 2}
      propertyPath: OnHealtPointsDepleted.m_PersistentCalls.m_Calls.Array.data[5].m_Mode
      value: 6
      objectReference: {fileID: 0}
    - target: {fileID: 114203279648433852, guid: 75716da73cdceb44a9518348aecaaabd,
        type: 2}
      propertyPath: OnHealtPointsDepleted.m_PersistentCalls.m_Calls.Array.data[5].m_Arguments.m_BoolArgument
      value: 0
      objectReference: {fileID: 0}
    - target: {fileID: 114203279648433852, guid: 75716da73cdceb44a9518348aecaaabd,
        type: 2}
      propertyPath: OnHealtPointsDepleted.m_PersistentCalls.m_Calls.Array.data[5].m_CallState
      value: 2
      objectReference: {fileID: 0}
    - target: {fileID: 114203279648433852, guid: 75716da73cdceb44a9518348aecaaabd,
        type: 2}
      propertyPath: OnHealtPointsDepleted.m_PersistentCalls.m_Calls.Array.data[5].m_Target
      value: 
      objectReference: {fileID: 646601167}
    - target: {fileID: 114203279648433852, guid: 75716da73cdceb44a9518348aecaaabd,
        type: 2}
      propertyPath: OnHealtPointsDepleted.m_PersistentCalls.m_Calls.Array.data[5].m_MethodName
      value: SetActive
      objectReference: {fileID: 0}
    - target: {fileID: 114203279648433852, guid: 75716da73cdceb44a9518348aecaaabd,
        type: 2}
      propertyPath: OnHealtPointsDepleted.m_PersistentCalls.m_Calls.Array.data[5].m_Arguments.m_ObjectArgumentAssemblyTypeName
      value: UnityEngine.Object, UnityEngine
      objectReference: {fileID: 0}
    - target: {fileID: 114734588462923068, guid: 75716da73cdceb44a9518348aecaaabd,
        type: 2}
      propertyPath: reloadLevelOnDeath
      value: 0
      objectReference: {fileID: 0}
    - target: {fileID: 114203279648433852, guid: 75716da73cdceb44a9518348aecaaabd,
        type: 2}
      propertyPath: OnHealtPointsDepleted.m_PersistentCalls.m_Calls.Array.data[6].m_Mode
      value: 6
      objectReference: {fileID: 0}
    - target: {fileID: 114203279648433852, guid: 75716da73cdceb44a9518348aecaaabd,
        type: 2}
      propertyPath: OnHealtPointsDepleted.m_PersistentCalls.m_Calls.Array.data[6].m_CallState
      value: 2
      objectReference: {fileID: 0}
    - target: {fileID: 114203279648433852, guid: 75716da73cdceb44a9518348aecaaabd,
        type: 2}
      propertyPath: OnHealtPointsDepleted.m_PersistentCalls.m_Calls.Array.data[6].m_Target
      value: 
      objectReference: {fileID: 1478302322}
    - target: {fileID: 114203279648433852, guid: 75716da73cdceb44a9518348aecaaabd,
        type: 2}
      propertyPath: OnHealtPointsDepleted.m_PersistentCalls.m_Calls.Array.data[6].m_MethodName
      value: SetActive
      objectReference: {fileID: 0}
    - target: {fileID: 114203279648433852, guid: 75716da73cdceb44a9518348aecaaabd,
        type: 2}
      propertyPath: OnHealtPointsDepleted.m_PersistentCalls.m_Calls.Array.data[6].m_Arguments.m_ObjectArgumentAssemblyTypeName
      value: UnityEngine.Object, UnityEngine
      objectReference: {fileID: 0}
    - target: {fileID: 114203279648433852, guid: 75716da73cdceb44a9518348aecaaabd,
        type: 2}
      propertyPath: OnHealtPointsDepleted.m_PersistentCalls.m_Calls.Array.data[6].m_Arguments.m_BoolArgument
      value: 1
      objectReference: {fileID: 0}
    m_RemovedComponents: []
  m_ParentPrefab: {fileID: 100100000, guid: 75716da73cdceb44a9518348aecaaabd, type: 2}
  m_IsPrefabParent: 0
--- !u!4 &788456041 stripped
Transform:
  m_PrefabParentObject: {fileID: 4187894782158240, guid: bd2dbb7713c633544849c542881fd09d,
    type: 2}
  m_PrefabInternal: {fileID: 255206721}
--- !u!1 &888766864
GameObject:
  m_ObjectHideFlags: 0
  m_PrefabParentObject: {fileID: 0}
  m_PrefabInternal: {fileID: 0}
  serializedVersion: 5
  m_Component:
  - component: {fileID: 888766866}
  - component: {fileID: 888766865}
  m_Layer: 0
  m_Name: PlayerInput
  m_TagString: Untagged
  m_Icon: {fileID: 0}
  m_NavMeshLayer: 0
  m_StaticEditorFlags: 0
  m_IsActive: 1
--- !u!114 &888766865
MonoBehaviour:
  m_ObjectHideFlags: 0
  m_PrefabParentObject: {fileID: 0}
  m_PrefabInternal: {fileID: 0}
  m_GameObject: {fileID: 888766864}
  m_Enabled: 1
  m_EditorHideFlags: 0
  m_Script: {fileID: 11500000, guid: 4e2c8b62faaaec943863b1282a886317, type: 3}
  m_Name: 
  m_EditorClassIdentifier: 
  OnPower:
    m_PersistentCalls:
      m_Calls:
      - m_Target: {fileID: 207866775}
        m_MethodName: Execute
        m_Mode: 0
        m_Arguments:
          m_ObjectArgument: {fileID: 0}
          m_ObjectArgumentAssemblyTypeName: UnityEngine.Object, UnityEngine
          m_IntArgument: 0
          m_FloatArgument: 0
          m_StringArgument: 
          m_BoolArgument: 0
        m_CallState: 2
    m_TypeName: ButtonActionEvent, Assembly-CSharp, Version=0.0.0.0, Culture=neutral,
      PublicKeyToken=null
  OnMoveLeft:
    m_PersistentCalls:
      m_Calls:
      - m_Target: {fileID: 207866774}
        m_MethodName: MoveLeft
        m_Mode: 0
        m_Arguments:
          m_ObjectArgument: {fileID: 0}
          m_ObjectArgumentAssemblyTypeName: UnityEngine.Object, UnityEngine
          m_IntArgument: 0
          m_FloatArgument: 0
          m_StringArgument: 
          m_BoolArgument: 0
        m_CallState: 2
    m_TypeName: ButtonActionEvent, Assembly-CSharp, Version=0.0.0.0, Culture=neutral,
      PublicKeyToken=null
  OnMoveRight:
    m_PersistentCalls:
      m_Calls:
      - m_Target: {fileID: 207866774}
        m_MethodName: MoveRight
        m_Mode: 0
        m_Arguments:
          m_ObjectArgument: {fileID: 0}
          m_ObjectArgumentAssemblyTypeName: UnityEngine.Object, UnityEngine
          m_IntArgument: 0
          m_FloatArgument: 0
          m_StringArgument: 
          m_BoolArgument: 0
        m_CallState: 2
    m_TypeName: ButtonActionEvent, Assembly-CSharp, Version=0.0.0.0, Culture=neutral,
      PublicKeyToken=null
  OnAttack:
    m_PersistentCalls:
      m_Calls:
      - m_Target: {fileID: 207866772}
        m_MethodName: Execute
        m_Mode: 0
        m_Arguments:
          m_ObjectArgument: {fileID: 0}
          m_ObjectArgumentAssemblyTypeName: UnityEngine.Object, UnityEngine
          m_IntArgument: 0
          m_FloatArgument: 0
          m_StringArgument: 
          m_BoolArgument: 0
        m_CallState: 2
    m_TypeName: ButtonActionEvent, Assembly-CSharp, Version=0.0.0.0, Culture=neutral,
      PublicKeyToken=null
--- !u!4 &888766866
Transform:
  m_ObjectHideFlags: 0
  m_PrefabParentObject: {fileID: 0}
  m_PrefabInternal: {fileID: 0}
  m_GameObject: {fileID: 888766864}
  m_LocalRotation: {x: 0, y: 0, z: 0, w: 1}
  m_LocalPosition: {x: 0, y: 0, z: 0}
  m_LocalScale: {x: 1, y: 1, z: 1}
  m_Children: []
  m_Father: {fileID: 0}
  m_RootOrder: 1
  m_LocalEulerAnglesHint: {x: 0, y: 0, z: 0}
--- !u!1001 &1420639595
Prefab:
  m_ObjectHideFlags: 0
  serializedVersion: 2
  m_Modification:
    m_TransformParent: {fileID: 0}
    m_Modifications:
    - target: {fileID: 224059709565619896, guid: e2f632bd279a4d946904b9bede061b2d,
        type: 2}
      propertyPath: m_LocalPosition.x
      value: 0
      objectReference: {fileID: 0}
    - target: {fileID: 224059709565619896, guid: e2f632bd279a4d946904b9bede061b2d,
        type: 2}
      propertyPath: m_LocalPosition.y
      value: 0
      objectReference: {fileID: 0}
    - target: {fileID: 224059709565619896, guid: e2f632bd279a4d946904b9bede061b2d,
        type: 2}
      propertyPath: m_LocalPosition.z
      value: 0
      objectReference: {fileID: 0}
    - target: {fileID: 224059709565619896, guid: e2f632bd279a4d946904b9bede061b2d,
        type: 2}
      propertyPath: m_LocalRotation.x
      value: 0
      objectReference: {fileID: 0}
    - target: {fileID: 224059709565619896, guid: e2f632bd279a4d946904b9bede061b2d,
        type: 2}
      propertyPath: m_LocalRotation.y
      value: 0
      objectReference: {fileID: 0}
    - target: {fileID: 224059709565619896, guid: e2f632bd279a4d946904b9bede061b2d,
        type: 2}
      propertyPath: m_LocalRotation.z
      value: 0
      objectReference: {fileID: 0}
    - target: {fileID: 224059709565619896, guid: e2f632bd279a4d946904b9bede061b2d,
        type: 2}
      propertyPath: m_LocalRotation.w
      value: 1
      objectReference: {fileID: 0}
    - target: {fileID: 224059709565619896, guid: e2f632bd279a4d946904b9bede061b2d,
        type: 2}
      propertyPath: m_RootOrder
      value: 5
      objectReference: {fileID: 0}
    - target: {fileID: 224059709565619896, guid: e2f632bd279a4d946904b9bede061b2d,
        type: 2}
      propertyPath: m_AnchoredPosition.x
      value: 0
      objectReference: {fileID: 0}
    - target: {fileID: 224059709565619896, guid: e2f632bd279a4d946904b9bede061b2d,
        type: 2}
      propertyPath: m_AnchoredPosition.y
      value: 0
      objectReference: {fileID: 0}
    - target: {fileID: 224059709565619896, guid: e2f632bd279a4d946904b9bede061b2d,
        type: 2}
      propertyPath: m_SizeDelta.x
      value: 0
      objectReference: {fileID: 0}
    - target: {fileID: 224059709565619896, guid: e2f632bd279a4d946904b9bede061b2d,
        type: 2}
      propertyPath: m_SizeDelta.y
      value: 0
      objectReference: {fileID: 0}
    - target: {fileID: 224059709565619896, guid: e2f632bd279a4d946904b9bede061b2d,
        type: 2}
      propertyPath: m_AnchorMin.x
      value: 0
      objectReference: {fileID: 0}
    - target: {fileID: 224059709565619896, guid: e2f632bd279a4d946904b9bede061b2d,
        type: 2}
      propertyPath: m_AnchorMin.y
      value: 0
      objectReference: {fileID: 0}
    - target: {fileID: 224059709565619896, guid: e2f632bd279a4d946904b9bede061b2d,
        type: 2}
      propertyPath: m_AnchorMax.x
      value: 0
      objectReference: {fileID: 0}
    - target: {fileID: 224059709565619896, guid: e2f632bd279a4d946904b9bede061b2d,
        type: 2}
      propertyPath: m_AnchorMax.y
      value: 0
      objectReference: {fileID: 0}
    - target: {fileID: 224059709565619896, guid: e2f632bd279a4d946904b9bede061b2d,
        type: 2}
      propertyPath: m_Pivot.x
      value: 0
      objectReference: {fileID: 0}
    - target: {fileID: 224059709565619896, guid: e2f632bd279a4d946904b9bede061b2d,
        type: 2}
      propertyPath: m_Pivot.y
      value: 0
      objectReference: {fileID: 0}
    - target: {fileID: 223695027809527058, guid: e2f632bd279a4d946904b9bede061b2d,
        type: 2}
      propertyPath: m_Camera
      value: 
      objectReference: {fileID: 2041727487}
    - target: {fileID: 224431848986741220, guid: e2f632bd279a4d946904b9bede061b2d,
        type: 2}
      propertyPath: m_AnchorMax.x
      value: 0.5
      objectReference: {fileID: 0}
    - target: {fileID: 224431848986741220, guid: e2f632bd279a4d946904b9bede061b2d,
        type: 2}
      propertyPath: m_AnchorMax.y
      value: 1
      objectReference: {fileID: 0}
    - target: {fileID: 224669857478407622, guid: e2f632bd279a4d946904b9bede061b2d,
        type: 2}
      propertyPath: m_AnchorMin.x
      value: 0.5
      objectReference: {fileID: 0}
    - target: {fileID: 224669857478407622, guid: e2f632bd279a4d946904b9bede061b2d,
        type: 2}
      propertyPath: m_AnchorMax.x
      value: 0.5
      objectReference: {fileID: 0}
    - target: {fileID: 224669857478407622, guid: e2f632bd279a4d946904b9bede061b2d,
        type: 2}
      propertyPath: m_AnchorMax.y
      value: 1
      objectReference: {fileID: 0}
    - target: {fileID: 224709353075588282, guid: e2f632bd279a4d946904b9bede061b2d,
        type: 2}
      propertyPath: m_AnchorMax.x
      value: 0.5
      objectReference: {fileID: 0}
    - target: {fileID: 224709353075588282, guid: e2f632bd279a4d946904b9bede061b2d,
        type: 2}
      propertyPath: m_AnchorMax.y
      value: 1
      objectReference: {fileID: 0}
    - target: {fileID: 224119759701590780, guid: e2f632bd279a4d946904b9bede061b2d,
        type: 2}
      propertyPath: m_AnchorMin.x
      value: 0.5
      objectReference: {fileID: 0}
    - target: {fileID: 224119759701590780, guid: e2f632bd279a4d946904b9bede061b2d,
        type: 2}
      propertyPath: m_AnchorMax.x
      value: 0.5
      objectReference: {fileID: 0}
    - target: {fileID: 224119759701590780, guid: e2f632bd279a4d946904b9bede061b2d,
        type: 2}
      propertyPath: m_AnchorMax.y
      value: 1
      objectReference: {fileID: 0}
    - target: {fileID: 114213289070904500, guid: e2f632bd279a4d946904b9bede061b2d,
        type: 2}
      propertyPath: m_Type
      value: 1
      objectReference: {fileID: 0}
    m_RemovedComponents: []
  m_ParentPrefab: {fileID: 100100000, guid: e2f632bd279a4d946904b9bede061b2d, type: 2}
  m_IsPrefabParent: 0
--- !u!114 &1420639596 stripped
MonoBehaviour:
  m_PrefabParentObject: {fileID: 114371576541549280, guid: e2f632bd279a4d946904b9bede061b2d,
    type: 2}
  m_PrefabInternal: {fileID: 1420639595}
  m_Script: {fileID: -113659843, guid: f70555f144d8491a825f0804e09c671c, type: 3}
--- !u!114 &1420639597 stripped
MonoBehaviour:
  m_PrefabParentObject: {fileID: 114714488281560416, guid: e2f632bd279a4d946904b9bede061b2d,
    type: 2}
  m_PrefabInternal: {fileID: 1420639595}
  m_Script: {fileID: -113659843, guid: f70555f144d8491a825f0804e09c671c, type: 3}
--- !u!1 &1478302322
GameObject:
  m_ObjectHideFlags: 0
  m_PrefabParentObject: {fileID: 0}
  m_PrefabInternal: {fileID: 0}
  serializedVersion: 5
  m_Component:
  - component: {fileID: 1478302323}
  - component: {fileID: 1478302324}
  - component: {fileID: 1478302325}
  m_Layer: 0
  m_Name: TriggerNextScene
  m_TagString: Untagged
  m_Icon: {fileID: 0}
  m_NavMeshLayer: 0
  m_StaticEditorFlags: 0
  m_IsActive: 0
--- !u!4 &1478302323
Transform:
  m_ObjectHideFlags: 0
  m_PrefabParentObject: {fileID: 0}
  m_PrefabInternal: {fileID: 0}
  m_GameObject: {fileID: 1478302322}
  m_LocalRotation: {x: 0, y: 0, z: 0, w: 1}
  m_LocalPosition: {x: 19.27778, y: 5.5, z: 0}
  m_LocalScale: {x: 1, y: 10, z: 1}
  m_Children: []
  m_Father: {fileID: 1853283410}
  m_RootOrder: 2
  m_LocalEulerAnglesHint: {x: 0, y: 0, z: 0}
--- !u!65 &1478302324
BoxCollider:
  m_ObjectHideFlags: 0
  m_PrefabParentObject: {fileID: 0}
  m_PrefabInternal: {fileID: 0}
  m_GameObject: {fileID: 1478302322}
  m_Material: {fileID: 0}
  m_IsTrigger: 1
  m_Enabled: 1
  serializedVersion: 2
  m_Size: {x: 1, y: 1, z: 1}
  m_Center: {x: 0, y: 0, z: 0}
--- !u!114 &1478302325
MonoBehaviour:
  m_ObjectHideFlags: 0
  m_PrefabParentObject: {fileID: 0}
  m_PrefabInternal: {fileID: 0}
  m_GameObject: {fileID: 1478302322}
  m_Enabled: 1
  m_EditorHideFlags: 0
  m_Script: {fileID: 11500000, guid: 5c9ee228ac335ff4784e8412e4fffb64, type: 3}
  m_Name: 
  m_EditorClassIdentifier: 
  sceneToLoad: Boss_2
--- !u!1 &1508688205
GameObject:
  m_ObjectHideFlags: 0
  m_PrefabParentObject: {fileID: 0}
  m_PrefabInternal: {fileID: 0}
  serializedVersion: 5
  m_Component:
  - component: {fileID: 1508688206}
  - component: {fileID: 1508688207}
  m_Layer: 0
  m_Name: BKG
  m_TagString: Untagged
  m_Icon: {fileID: 0}
  m_NavMeshLayer: 0
  m_StaticEditorFlags: 0
  m_IsActive: 1
--- !u!4 &1508688206
Transform:
  m_ObjectHideFlags: 0
  m_PrefabParentObject: {fileID: 0}
  m_PrefabInternal: {fileID: 0}
  m_GameObject: {fileID: 1508688205}
  m_LocalRotation: {x: -0, y: -0, z: -0, w: 1}
  m_LocalPosition: {x: 0, y: 0, z: 20}
  m_LocalScale: {x: 0.92679, y: 0.92872995, z: 1}
  m_Children: []
  m_Father: {fileID: 2041727488}
  m_RootOrder: 0
  m_LocalEulerAnglesHint: {x: 0, y: 0, z: 0}
--- !u!212 &1508688207
SpriteRenderer:
  m_ObjectHideFlags: 0
  m_PrefabParentObject: {fileID: 0}
  m_PrefabInternal: {fileID: 0}
  m_GameObject: {fileID: 1508688205}
  m_Enabled: 1
  m_CastShadows: 0
  m_ReceiveShadows: 0
  m_MotionVectors: 1
  m_LightProbeUsage: 1
  m_ReflectionProbeUsage: 1
  m_Materials:
  - {fileID: 10754, guid: 0000000000000000f000000000000000, type: 0}
  m_StaticBatchInfo:
    firstSubMesh: 0
    subMeshCount: 0
  m_StaticBatchRoot: {fileID: 0}
  m_ProbeAnchor: {fileID: 0}
  m_LightProbeVolumeOverride: {fileID: 0}
  m_ScaleInLightmap: 1
  m_PreserveUVs: 0
  m_IgnoreNormalsForChartDetection: 0
  m_ImportantGI: 0
  m_SelectedEditorRenderState: 0
  m_MinimumChartSize: 4
  m_AutoUVMaxDistance: 0.5
  m_AutoUVMaxAngle: 89
  m_LightmapParameters: {fileID: 0}
  m_SortingLayerID: 0
  m_SortingLayer: 0
  m_SortingOrder: 0
  m_Sprite: {fileID: 21300000, guid: 8a09e87b0d5a39b48b655bfeb7b927a6, type: 3}
  m_Color: {r: 0.47058827, g: 0.10980393, b: 1, a: 1}
  m_FlipX: 0
  m_FlipY: 0
  m_DrawMode: 0
  m_Size: {x: 38.399998, y: 21.599998}
  m_AdaptiveModeThreshold: 0.5
  m_SpriteTileMode: 0
  m_WasSpriteAssigned: 1
  m_MaskInteraction: 0
--- !u!1001 &1648846606
Prefab:
  m_ObjectHideFlags: 0
  serializedVersion: 2
  m_Modification:
    m_TransformParent: {fileID: 0}
    m_Modifications:
    - target: {fileID: 4251223711238168, guid: 75716da73cdceb44a9518348aecaaabd, type: 2}
      propertyPath: m_LocalPosition.x
      value: 0
      objectReference: {fileID: 0}
    - target: {fileID: 4251223711238168, guid: 75716da73cdceb44a9518348aecaaabd, type: 2}
      propertyPath: m_LocalPosition.y
      value: 0.5
      objectReference: {fileID: 0}
    - target: {fileID: 4251223711238168, guid: 75716da73cdceb44a9518348aecaaabd, type: 2}
      propertyPath: m_LocalPosition.z
      value: 0
      objectReference: {fileID: 0}
    - target: {fileID: 4251223711238168, guid: 75716da73cdceb44a9518348aecaaabd, type: 2}
      propertyPath: m_LocalRotation.x
      value: 0
      objectReference: {fileID: 0}
    - target: {fileID: 4251223711238168, guid: 75716da73cdceb44a9518348aecaaabd, type: 2}
      propertyPath: m_LocalRotation.y
      value: 0
      objectReference: {fileID: 0}
    - target: {fileID: 4251223711238168, guid: 75716da73cdceb44a9518348aecaaabd, type: 2}
      propertyPath: m_LocalRotation.z
      value: 0
      objectReference: {fileID: 0}
    - target: {fileID: 4251223711238168, guid: 75716da73cdceb44a9518348aecaaabd, type: 2}
      propertyPath: m_LocalRotation.w
      value: 1
      objectReference: {fileID: 0}
    - target: {fileID: 4251223711238168, guid: 75716da73cdceb44a9518348aecaaabd, type: 2}
      propertyPath: m_RootOrder
      value: 6
      objectReference: {fileID: 0}
    - target: {fileID: 1262632662913598, guid: 75716da73cdceb44a9518348aecaaabd, type: 2}
      propertyPath: m_IsActive
      value: 0
      objectReference: {fileID: 0}
    m_RemovedComponents: []
  m_ParentPrefab: {fileID: 100100000, guid: 75716da73cdceb44a9518348aecaaabd, type: 2}
  m_IsPrefabParent: 0
--- !u!1 &1648846607 stripped
GameObject:
  m_PrefabParentObject: {fileID: 1262632662913598, guid: 75716da73cdceb44a9518348aecaaabd,
    type: 2}
  m_PrefabInternal: {fileID: 1648846606}
--- !u!114 &1648846608 stripped
MonoBehaviour:
  m_PrefabParentObject: {fileID: 114763710509710636, guid: 75716da73cdceb44a9518348aecaaabd,
    type: 2}
  m_PrefabInternal: {fileID: 1648846606}
  m_Script: {fileID: 11500000, guid: 200ee6e5d5f2cde42a80bbe40b9ceee8, type: 3}
--- !u!114 &1648846609 stripped
MonoBehaviour:
  m_PrefabParentObject: {fileID: 114496714034408374, guid: 75716da73cdceb44a9518348aecaaabd,
    type: 2}
  m_PrefabInternal: {fileID: 1648846606}
  m_Script: {fileID: 11500000, guid: 6deb5b629819c14499a08aa4ca2670dc, type: 3}
--- !u!114 &1648846610 stripped
MonoBehaviour:
  m_PrefabParentObject: {fileID: 114826155686477814, guid: 75716da73cdceb44a9518348aecaaabd,
    type: 2}
  m_PrefabInternal: {fileID: 1648846606}
  m_Script: {fileID: 11500000, guid: 7868a75b2e8705f478fa0803a54dafb9, type: 3}
--- !u!4 &1648846611 stripped
Transform:
  m_PrefabParentObject: {fileID: 4251223711238168, guid: 75716da73cdceb44a9518348aecaaabd,
    type: 2}
  m_PrefabInternal: {fileID: 1648846606}
--- !u!1 &1853283409
GameObject:
  m_ObjectHideFlags: 0
  m_PrefabParentObject: {fileID: 0}
  m_PrefabInternal: {fileID: 0}
  serializedVersion: 5
  m_Component:
  - component: {fileID: 1853283410}
  m_Layer: 0
  m_Name: Enviroment
  m_TagString: Untagged
  m_Icon: {fileID: 0}
  m_NavMeshLayer: 0
  m_StaticEditorFlags: 0
  m_IsActive: 1
--- !u!4 &1853283410
Transform:
  m_ObjectHideFlags: 0
  m_PrefabParentObject: {fileID: 0}
  m_PrefabInternal: {fileID: 0}
  m_GameObject: {fileID: 1853283409}
  m_LocalRotation: {x: 0, y: 0, z: 0, w: 1}
  m_LocalPosition: {x: 0, y: 0, z: 0}
  m_LocalScale: {x: 1, y: 1, z: 1}
  m_Children:
  - {fileID: 2068443019}
  - {fileID: 1958515740}
  - {fileID: 1478302323}
  - {fileID: 646601168}
  m_Father: {fileID: 0}
  m_RootOrder: 2
  m_LocalEulerAnglesHint: {x: 0, y: 0, z: 0}
--- !u!1 &1922615789 stripped
GameObject:
  m_PrefabParentObject: {fileID: 1262632662913598, guid: 75716da73cdceb44a9518348aecaaabd,
    type: 2}
  m_PrefabInternal: {fileID: 677419816}
--- !u!114 &1922615790 stripped
MonoBehaviour:
  m_PrefabParentObject: {fileID: 114763710509710636, guid: 75716da73cdceb44a9518348aecaaabd,
    type: 2}
  m_PrefabInternal: {fileID: 677419816}
  m_Script: {fileID: 11500000, guid: 200ee6e5d5f2cde42a80bbe40b9ceee8, type: 3}
--- !u!114 &1922615791 stripped
MonoBehaviour:
  m_PrefabParentObject: {fileID: 114496714034408374, guid: 75716da73cdceb44a9518348aecaaabd,
    type: 2}
  m_PrefabInternal: {fileID: 677419816}
  m_Script: {fileID: 11500000, guid: 6deb5b629819c14499a08aa4ca2670dc, type: 3}
--- !u!114 &1922615792 stripped
MonoBehaviour:
  m_PrefabParentObject: {fileID: 114826155686477814, guid: 75716da73cdceb44a9518348aecaaabd,
    type: 2}
  m_PrefabInternal: {fileID: 677419816}
  m_Script: {fileID: 11500000, guid: 7868a75b2e8705f478fa0803a54dafb9, type: 3}
--- !u!114 &1922615793
MonoBehaviour:
  m_ObjectHideFlags: 0
  m_PrefabParentObject: {fileID: 0}
  m_PrefabInternal: {fileID: 0}
  m_GameObject: {fileID: 1922615789}
  m_Enabled: 1
  m_EditorHideFlags: 0
  m_Script: {fileID: 11500000, guid: d59066eaaffc6aa4c8fa3699afc04707, type: 3}
  m_Name: 
  m_EditorClassIdentifier: 
  OnPower:
    m_PersistentCalls:
      m_Calls:
      - m_Target: {fileID: 1922615790}
        m_MethodName: Execute
        m_Mode: 0
        m_Arguments:
          m_ObjectArgument: {fileID: 0}
          m_ObjectArgumentAssemblyTypeName: UnityEngine.Object, UnityEngine
          m_IntArgument: 0
          m_FloatArgument: 0
          m_StringArgument: 
          m_BoolArgument: 0
        m_CallState: 2
    m_TypeName: ButtonActionEvent, Assembly-CSharp, Version=0.0.0.0, Culture=neutral,
      PublicKeyToken=null
  OnMoveLeft:
    m_PersistentCalls:
      m_Calls:
      - m_Target: {fileID: 1922615792}
        m_MethodName: MoveLeft
        m_Mode: 0
        m_Arguments:
          m_ObjectArgument: {fileID: 0}
          m_ObjectArgumentAssemblyTypeName: UnityEngine.Object, UnityEngine
          m_IntArgument: 0
          m_FloatArgument: 0
          m_StringArgument: 
          m_BoolArgument: 0
        m_CallState: 2
    m_TypeName: ButtonActionEvent, Assembly-CSharp, Version=0.0.0.0, Culture=neutral,
      PublicKeyToken=null
  OnMoveRight:
    m_PersistentCalls:
      m_Calls:
      - m_Target: {fileID: 1922615792}
        m_MethodName: MoveRight
        m_Mode: 0
        m_Arguments:
          m_ObjectArgument: {fileID: 0}
          m_ObjectArgumentAssemblyTypeName: UnityEngine.Object, UnityEngine
          m_IntArgument: 0
          m_FloatArgument: 0
          m_StringArgument: 
          m_BoolArgument: 0
        m_CallState: 2
    m_TypeName: ButtonActionEvent, Assembly-CSharp, Version=0.0.0.0, Culture=neutral,
      PublicKeyToken=null
  OnAttack:
    m_PersistentCalls:
      m_Calls:
      - m_Target: {fileID: 1922615791}
        m_MethodName: Execute
        m_Mode: 0
        m_Arguments:
          m_ObjectArgument: {fileID: 0}
          m_ObjectArgumentAssemblyTypeName: UnityEngine.Object, UnityEngine
          m_IntArgument: 0
          m_FloatArgument: 0
          m_StringArgument: 
          m_BoolArgument: 0
        m_CallState: 2
    m_TypeName: ButtonActionEvent, Assembly-CSharp, Version=0.0.0.0, Culture=neutral,
      PublicKeyToken=null
  charState: {fileID: 0}
  target: {fileID: 788456041}
  distanceFromTargetForAttackBehaviour: 5
  minimumDistanceFromTargetAllowed: 2
  deltaTimeToAttemptAttackAction: 1
  timeForAfterDashPause: 1
--- !u!4 &1922615796 stripped
Transform:
  m_PrefabParentObject: {fileID: 4251223711238168, guid: 75716da73cdceb44a9518348aecaaabd,
    type: 2}
  m_PrefabInternal: {fileID: 677419816}
--- !u!1 &1958515736
GameObject:
  m_ObjectHideFlags: 0
  m_PrefabParentObject: {fileID: 0}
  m_PrefabInternal: {fileID: 0}
  serializedVersion: 5
  m_Component:
  - component: {fileID: 1958515740}
  - component: {fileID: 1958515739}
  - component: {fileID: 1958515738}
  - component: {fileID: 1958515737}
  m_Layer: 0
  m_Name: LeftWall
  m_TagString: Untagged
  m_Icon: {fileID: 0}
  m_NavMeshLayer: 0
  m_StaticEditorFlags: 0
  m_IsActive: 1
--- !u!65 &1958515737
BoxCollider:
  m_ObjectHideFlags: 0
  m_PrefabParentObject: {fileID: 0}
  m_PrefabInternal: {fileID: 0}
  m_GameObject: {fileID: 1958515736}
  m_Material: {fileID: 0}
  m_IsTrigger: 0
  m_Enabled: 1
  serializedVersion: 2
  m_Size: {x: 1, y: 1, z: 1}
  m_Center: {x: 0, y: 0, z: 0}
--- !u!23 &1958515738
MeshRenderer:
  m_ObjectHideFlags: 0
  m_PrefabParentObject: {fileID: 0}
  m_PrefabInternal: {fileID: 0}
  m_GameObject: {fileID: 1958515736}
  m_Enabled: 1
  m_CastShadows: 1
  m_ReceiveShadows: 1
  m_MotionVectors: 1
  m_LightProbeUsage: 1
  m_ReflectionProbeUsage: 1
  m_Materials:
  - {fileID: 10303, guid: 0000000000000000f000000000000000, type: 0}
  m_StaticBatchInfo:
    firstSubMesh: 0
    subMeshCount: 0
  m_StaticBatchRoot: {fileID: 0}
  m_ProbeAnchor: {fileID: 0}
  m_LightProbeVolumeOverride: {fileID: 0}
  m_ScaleInLightmap: 1
  m_PreserveUVs: 1
  m_IgnoreNormalsForChartDetection: 0
  m_ImportantGI: 0
  m_SelectedEditorRenderState: 3
  m_MinimumChartSize: 4
  m_AutoUVMaxDistance: 0.5
  m_AutoUVMaxAngle: 89
  m_LightmapParameters: {fileID: 0}
  m_SortingLayerID: 0
  m_SortingLayer: 0
  m_SortingOrder: 0
--- !u!33 &1958515739
MeshFilter:
  m_ObjectHideFlags: 0
  m_PrefabParentObject: {fileID: 0}
  m_PrefabInternal: {fileID: 0}
  m_GameObject: {fileID: 1958515736}
  m_Mesh: {fileID: 10202, guid: 0000000000000000e000000000000000, type: 0}
--- !u!4 &1958515740
Transform:
  m_ObjectHideFlags: 0
  m_PrefabParentObject: {fileID: 0}
  m_PrefabInternal: {fileID: 0}
  m_GameObject: {fileID: 1958515736}
  m_LocalRotation: {x: -0, y: -0, z: -0, w: 1}
  m_LocalPosition: {x: -18.27778, y: 10, z: 0}
  m_LocalScale: {x: 1, y: 20, z: 1}
  m_Children: []
  m_Father: {fileID: 1853283410}
  m_RootOrder: 1
  m_LocalEulerAnglesHint: {x: 0, y: 0, z: 0}
--- !u!1 &2041727483
GameObject:
  m_ObjectHideFlags: 0
  m_PrefabParentObject: {fileID: 0}
  m_PrefabInternal: {fileID: 0}
  serializedVersion: 5
  m_Component:
  - component: {fileID: 2041727488}
  - component: {fileID: 2041727487}
  - component: {fileID: 2041727486}
  - component: {fileID: 2041727485}
  - component: {fileID: 2041727484}
  m_Layer: 0
  m_Name: Main Camera
  m_TagString: MainCamera
  m_Icon: {fileID: 0}
  m_NavMeshLayer: 0
  m_StaticEditorFlags: 0
  m_IsActive: 1
--- !u!81 &2041727484
AudioListener:
  m_ObjectHideFlags: 0
  m_PrefabParentObject: {fileID: 0}
  m_PrefabInternal: {fileID: 0}
  m_GameObject: {fileID: 2041727483}
  m_Enabled: 1
--- !u!124 &2041727485
Behaviour:
  m_ObjectHideFlags: 0
  m_PrefabParentObject: {fileID: 0}
  m_PrefabInternal: {fileID: 0}
  m_GameObject: {fileID: 2041727483}
  m_Enabled: 1
--- !u!92 &2041727486
Behaviour:
  m_ObjectHideFlags: 0
  m_PrefabParentObject: {fileID: 0}
  m_PrefabInternal: {fileID: 0}
  m_GameObject: {fileID: 2041727483}
  m_Enabled: 1
--- !u!20 &2041727487
Camera:
  m_ObjectHideFlags: 0
  m_PrefabParentObject: {fileID: 0}
  m_PrefabInternal: {fileID: 0}
  m_GameObject: {fileID: 2041727483}
  m_Enabled: 1
  serializedVersion: 2
  m_ClearFlags: 1
  m_BackGroundColor: {r: 0.19215687, g: 0.3019608, b: 0.4745098, a: 0}
  m_NormalizedViewPortRect:
    serializedVersion: 2
    x: 0
    y: 0
    width: 1
    height: 1
  near clip plane: 0.3
  far clip plane: 1000
  field of view: 60
  orthographic: 1
  orthographic size: 10
  m_Depth: -1
  m_CullingMask:
    serializedVersion: 2
    m_Bits: 4294967295
  m_RenderingPath: -1
  m_TargetTexture: {fileID: 0}
  m_TargetDisplay: 0
  m_TargetEye: 3
  m_HDR: 1
  m_AllowMSAA: 1
  m_ForceIntoRT: 0
  m_OcclusionCulling: 1
  m_StereoConvergence: 10
  m_StereoSeparation: 0.022
  m_StereoMirrorMode: 0
--- !u!4 &2041727488
Transform:
  m_ObjectHideFlags: 0
  m_PrefabParentObject: {fileID: 0}
  m_PrefabInternal: {fileID: 0}
  m_GameObject: {fileID: 2041727483}
  m_LocalRotation: {x: 0, y: 0, z: 0, w: 1}
  m_LocalPosition: {x: 0, y: 8, z: -10}
  m_LocalScale: {x: 1, y: 1, z: 1}
  m_Children:
  - {fileID: 1508688206}
  m_Father: {fileID: 0}
  m_RootOrder: 0
  m_LocalEulerAnglesHint: {x: 0, y: 0, z: 0}
--- !u!1 &2047682767
GameObject:
  m_ObjectHideFlags: 0
  m_PrefabParentObject: {fileID: 0}
  m_PrefabInternal: {fileID: 0}
  serializedVersion: 5
  m_Component:
  - component: {fileID: 2047682768}
  - component: {fileID: 2047682769}
  m_Layer: 0
  m_Name: PlayerInput Tiger
  m_TagString: Untagged
  m_Icon: {fileID: 0}
  m_NavMeshLayer: 0
  m_StaticEditorFlags: 0
  m_IsActive: 1
--- !u!4 &2047682768
Transform:
  m_ObjectHideFlags: 0
  m_PrefabParentObject: {fileID: 0}
  m_PrefabInternal: {fileID: 0}
  m_GameObject: {fileID: 2047682767}
  m_LocalRotation: {x: -0, y: -0, z: -0, w: 1}
  m_LocalPosition: {x: 0, y: -0.16666667, z: 0}
  m_LocalScale: {x: 0.33333334, y: 0.33333334, z: 0.33333334}
  m_Children: []
  m_Father: {fileID: 1648846611}
  m_RootOrder: 2
  m_LocalEulerAnglesHint: {x: 0, y: 0, z: 0}
--- !u!114 &2047682769
MonoBehaviour:
  m_ObjectHideFlags: 0
  m_PrefabParentObject: {fileID: 0}
  m_PrefabInternal: {fileID: 0}
  m_GameObject: {fileID: 2047682767}
  m_Enabled: 1
  m_EditorHideFlags: 0
  m_Script: {fileID: 11500000, guid: 4e2c8b62faaaec943863b1282a886317, type: 3}
  m_Name: 
  m_EditorClassIdentifier: 
  OnPower:
    m_PersistentCalls:
      m_Calls:
      - m_Target: {fileID: 1648846608}
        m_MethodName: Execute
        m_Mode: 0
        m_Arguments:
          m_ObjectArgument: {fileID: 0}
          m_ObjectArgumentAssemblyTypeName: UnityEngine.Object, UnityEngine
          m_IntArgument: 0
          m_FloatArgument: 0
          m_StringArgument: 
          m_BoolArgument: 0
        m_CallState: 2
    m_TypeName: ButtonActionEvent, Assembly-CSharp, Version=0.0.0.0, Culture=neutral,
      PublicKeyToken=null
  OnMoveLeft:
    m_PersistentCalls:
      m_Calls:
      - m_Target: {fileID: 1648846610}
        m_MethodName: MoveLeft
        m_Mode: 0
        m_Arguments:
          m_ObjectArgument: {fileID: 0}
          m_ObjectArgumentAssemblyTypeName: UnityEngine.Object, UnityEngine
          m_IntArgument: 0
          m_FloatArgument: 0
          m_StringArgument: 
          m_BoolArgument: 0
        m_CallState: 2
    m_TypeName: ButtonActionEvent, Assembly-CSharp, Version=0.0.0.0, Culture=neutral,
      PublicKeyToken=null
  OnMoveRight:
    m_PersistentCalls:
      m_Calls:
      - m_Target: {fileID: 1648846610}
        m_MethodName: MoveRight
        m_Mode: 0
        m_Arguments:
          m_ObjectArgument: {fileID: 0}
          m_ObjectArgumentAssemblyTypeName: UnityEngine.Object, UnityEngine
          m_IntArgument: 0
          m_FloatArgument: 0
          m_StringArgument: 
          m_BoolArgument: 0
        m_CallState: 2
    m_TypeName: ButtonActionEvent, Assembly-CSharp, Version=0.0.0.0, Culture=neutral,
      PublicKeyToken=null
  OnAttack:
    m_PersistentCalls:
      m_Calls:
      - m_Target: {fileID: 1648846609}
        m_MethodName: Execute
        m_Mode: 0
        m_Arguments:
          m_ObjectArgument: {fileID: 0}
          m_ObjectArgumentAssemblyTypeName: UnityEngine.Object, UnityEngine
          m_IntArgument: 0
          m_FloatArgument: 0
          m_StringArgument: 
          m_BoolArgument: 0
        m_CallState: 2
    m_TypeName: ButtonActionEvent, Assembly-CSharp, Version=0.0.0.0, Culture=neutral,
      PublicKeyToken=null
--- !u!1 &2068443015
GameObject:
  m_ObjectHideFlags: 0
  m_PrefabParentObject: {fileID: 0}
  m_PrefabInternal: {fileID: 0}
  serializedVersion: 5
  m_Component:
  - component: {fileID: 2068443019}
  - component: {fileID: 2068443018}
  - component: {fileID: 2068443017}
  - component: {fileID: 2068443016}
  m_Layer: 0
  m_Name: Floor
  m_TagString: Untagged
  m_Icon: {fileID: 0}
  m_NavMeshLayer: 0
  m_StaticEditorFlags: 0
  m_IsActive: 1
--- !u!65 &2068443016
BoxCollider:
  m_ObjectHideFlags: 0
  m_PrefabParentObject: {fileID: 0}
  m_PrefabInternal: {fileID: 0}
  m_GameObject: {fileID: 2068443015}
  m_Material: {fileID: 0}
  m_IsTrigger: 0
  m_Enabled: 1
  serializedVersion: 2
  m_Size: {x: 1, y: 1, z: 1}
  m_Center: {x: 0, y: 0, z: 0}
--- !u!23 &2068443017
MeshRenderer:
  m_ObjectHideFlags: 0
  m_PrefabParentObject: {fileID: 0}
  m_PrefabInternal: {fileID: 0}
  m_GameObject: {fileID: 2068443015}
  m_Enabled: 0
  m_CastShadows: 1
  m_ReceiveShadows: 1
  m_MotionVectors: 1
  m_LightProbeUsage: 1
  m_ReflectionProbeUsage: 1
  m_Materials:
  - {fileID: 10303, guid: 0000000000000000f000000000000000, type: 0}
  m_StaticBatchInfo:
    firstSubMesh: 0
    subMeshCount: 0
  m_StaticBatchRoot: {fileID: 0}
  m_ProbeAnchor: {fileID: 0}
  m_LightProbeVolumeOverride: {fileID: 0}
  m_ScaleInLightmap: 1
  m_PreserveUVs: 1
  m_IgnoreNormalsForChartDetection: 0
  m_ImportantGI: 0
  m_SelectedEditorRenderState: 3
  m_MinimumChartSize: 4
  m_AutoUVMaxDistance: 0.5
  m_AutoUVMaxAngle: 89
  m_LightmapParameters: {fileID: 0}
  m_SortingLayerID: 0
  m_SortingLayer: 0
  m_SortingOrder: 0
--- !u!33 &2068443018
MeshFilter:
  m_ObjectHideFlags: 0
  m_PrefabParentObject: {fileID: 0}
  m_PrefabInternal: {fileID: 0}
  m_GameObject: {fileID: 2068443015}
  m_Mesh: {fileID: 10202, guid: 0000000000000000e000000000000000, type: 0}
--- !u!4 &2068443019
Transform:
  m_ObjectHideFlags: 0
  m_PrefabParentObject: {fileID: 0}
  m_PrefabInternal: {fileID: 0}
  m_GameObject: {fileID: 2068443015}
  m_LocalRotation: {x: -0, y: -0, z: -0, w: 1}
  m_LocalPosition: {x: 0, y: -0.91, z: 0}
  m_LocalScale: {x: 40, y: 2.820167, z: 5}
  m_Children: []
  m_Father: {fileID: 1853283410}
  m_RootOrder: 0
  m_LocalEulerAnglesHint: {x: 0, y: 0, z: 0}
